<collection xmlns="http://www.loc.gov/MARC21/slim">
<record>
  <leader>00600na 0a22001451i 450 </leader>
  <controlfield tag="001">IT\ICCU\CNCE\052438</controlfield>
  <controlfield tag="005">20070516000000.0</controlfield>
  <datafield tag="100" ind1=" " ind2=" ">
    <subfield code="a">20011018             0itac0103    ba</subfield>
  </datafield>
  <datafield tag="200" ind1="1" ind2=" ">
    <subfield code="a">Ilias Latina</subfield>
  </datafield>
  <datafield tag="700" ind1=" " ind2="0">
    <subfield code="a">Baebius</subfield>
    <subfield code="c"> : Italicus</subfield>
    <subfield code="3">IT\ICCU\CNCA\016414</subfield>
  </datafield>
  <datafield tag="702" ind1=" " ind2="0">
    <subfield code="a">Pindarus</subfield>
    <subfield code="c"> : Thebanus</subfield>
    <subfield code="3">IT\ICCU\CNCA\016577</subfield>
  </datafield>
  <datafield tag="702" ind1=" " ind2="1">
    <subfield code="a">Silius Italicus,</subfield>
    <subfield code="b">Tiberius Catius Asconius</subfield>
    <subfield code="3">IT\ICCU\CNCA\008635</subfield>
  </datafield>
  <datafield tag="790" ind1=" " ind2="0">
    <subfield code="a">Silio</subfield>
    <subfield code="c"> : Italico</subfield>
    <subfield code="3">IT\ICCU\CNCA\024754</subfield>
    <subfield code="z">Silius Italicus, Tiberius Catius Asconius</subfield>
  </datafield>
  <datafield tag="790" ind1=" " ind2="0">
    <subfield code="a">Sillius</subfield>
    <subfield code="c"> : Italicus</subfield>
    <subfield code="3">IT\ICCU\CNCA\024755</subfield>
    <subfield code="z">Silius Italicus, Tiberius Catius Asconius</subfield>
  </datafield>
  <datafield tag="801" ind1=" " ind2="3">
    <subfield code="a">IT</subfield>
    <subfield code="b">ICCU</subfield>
    <subfield code="c">20201115</subfield>
  </datafield>
</record>
</collection>
